<record><leader>02826cam a2200337 i 45 0</leader><controlfield tag="001">6850063</controlfield><controlfield tag="005">20150115080012.0</controlfield><controlfield tag="008">140321s2015    njua     b    001 0 eng  </controlfield><datafield ind1=" " ind2=" " tag="010"><subfield code="a">  2014011379</subfield></datafield><datafield ind1=" " ind2=" " tag="020"><subfield code="a">9781617116452 (hardback : alk. paper)</subfield></datafield><datafield ind1=" " ind2=" " tag="040"><subfield code="a">DNLM</subfield><subfield code="b">eng</subfield><subfield code="e">rda</subfield><subfield code="c">DNLM</subfield><subfield code="d">AEG</subfield></datafield><datafield ind1="0" ind2="9" tag="041"><subfield code="a">eng</subfield></datafield><datafield ind1=" " ind2=" " tag="042"><subfield code="a">pcc</subfield></datafield><datafield ind1=" " ind2=" " tag="044"><subfield code="9">United States</subfield></datafield><datafield ind1="0" ind2="0" tag="060"><subfield code="a">2015 A-246</subfield></datafield><datafield ind1="1" ind2="0" tag="060"><subfield code="a">WB 460</subfield></datafield><datafield ind1=" " ind2=" " tag="090"><subfield code="a">WB 460 C641 2015</subfield><subfield code="b">AEG</subfield></datafield><datafield ind1="0" ind2="0" tag="245"><subfield code="a">Clinical exercise pathophysiology for physical therapy :</subfield><subfield code="b">examination, testing, and exercise prescription for movement-related disorders /</subfield><subfield code="c">[edited by] Debra Coglianese.</subfield></datafield><datafield ind1=" " ind2="1" tag="264"><subfield code="a">Thorofare, NJ :</subfield><subfield code="b">Slack Incorporated,</subfield><subfield code="c">[2015]</subfield></datafield><datafield ind1=" " ind2=" " tag="300"><subfield code="a">xviii, 589 pages :</subfield><subfield code="b">illustrations.</subfield></datafield><datafield ind1=" " ind2=" " tag="336"><subfield code="a">text</subfield><subfield code="2">rdacontent</subfield></datafield><datafield ind1=" " ind2=" " tag="337"><subfield code="a">unmediated</subfield><subfield code="2">rdamedia</subfield></datafield><datafield ind1=" " ind2=" " tag="338"><subfield code="a">volume</subfield><subfield code="2">rdacarrier</subfield></datafield><datafield ind1=" " ind2=" " tag="504"><subfield code="a">Includes bibliographical references and index.</subfield></datafield><datafield ind1=" " ind2=" " tag="520"><subfield code="a">"Clinical Exercise Pathophysiology for Physical Therapy: Examination, Testing, and Exercise Prescription for Movement-Related Disorders is a comprehensive reference created to answer the "why" and the "how" to treat patients with exercise by offering both comprehensive information from the research literature, as well as original patient cases. The chapters present the physiology and pathophysiology for defined patient populations consistent with the American Physical Therapy Association's Guide to Physical Therapy Practice and covers a wide assortment of topics ranging from a review of the cellular metabolic pathways to the discharge summary, with all the connections in between. Patient cases also supplement the chapters and are included throughout to illustrate how understanding the content in each chapter informs physical therapy examination, testing, and treatment. The patient/client management model from the Guide to Physical Therapy Practice defines the structure of the patient cases and the International Classification of Function, Disability, and Health (ICF) model of disablement has been inserted into each patient case. Highlighted "Clinician Comments" appear throughout each patient case to point out the critical thinking considerations. Clinical Exercise Pathophysiology for Physical Therapy: Examination, Testing, and Exercise Prescription for Movement-Related Disorders is a groundbreaking reference for the physical therapy student or clinician looking to understand how physiology and pathophysiology relate to responses to exercise in different patient populations"--Provided by publisher.</subfield></datafield><datafield ind1="1" ind2="2" tag="650"><subfield code="a">Physical Therapy Modalities</subfield></datafield><datafield ind1="1" ind2="2" tag="650"><subfield code="a">Exercise</subfield><subfield code="x">physiology.</subfield></datafield><datafield ind1=" " ind2="2" tag="655"><subfield code="a">Case Reports</subfield></datafield><datafield ind1="1" ind2=" " tag="700"><subfield code="a">Coglianese, Debra,</subfield><subfield code="d">1951-,</subfield><subfield code="e">editor.</subfield></datafield><datafield ind1=" " ind2=" " tag="596"><subfield code="a">20</subfield></datafield><datafield ind1=" " ind2=" " tag="926"><subfield code="a">WB 460 C641 2015</subfield><subfield code="w">NLM</subfield><subfield code="c">1</subfield><subfield code="i">0163710145786</subfield><subfield code="d">9/18/2015</subfield><subfield code="e">9/16/2015</subfield><subfield code="l">ON_SHELF</subfield><subfield code="m">AHSGLENRSE</subfield><subfield code="n">1</subfield><subfield code="r">Y</subfield><subfield code="s">Y</subfield><subfield code="t">BOOK</subfield><subfield code="u">8/18/2015</subfield></datafield></record>